<?xml version="1.0" encoding="UTF-8"?><collection xmlns="http://www.loc.gov/MARC21/slim"><record><leader>00539nam--2200193-i-4500</leader><controlfield tag="001">000031219</controlfield><controlfield tag="002">20161230</controlfield><controlfield tag="005">20161230201038</controlfield><controlfield tag="008">060222s1000------------r-----000-0-rus-d</controlfield><datafield ind1=" " ind2=" " tag="040"><subfield code="a">IFIN-HH</subfield></datafield><datafield ind1=" " ind2=" " tag="041"><subfield code="a">rus</subfield></datafield><datafield ind1=" " ind2=" " tag="080"><subfield code="a">539.107.5</subfield></datafield><datafield ind1="1" ind2=" " tag="100"><subfield code="a">Matalin, L.A</subfield></datafield><datafield ind1="1" ind2="0" tag="245"><subfield code="a">Metodi registratii i obrabotki dannih v iadernoi fizike i tehnike</subfield><subfield code="c">L.a. matalin, j. narai, s.i. ceubarov</subfield></datafield><datafield ind1=" " ind2=" " tag="260"><subfield code="a">Moskva</subfield><subfield code="b">Atomizdat</subfield><subfield code="c">1968</subfield></datafield><datafield ind1=" " ind2=" " tag="300"><subfield code="a">570P</subfield></datafield><datafield ind1="1" ind2=" " tag="700"><subfield code="a">Ceubarov, S.I</subfield></datafield><datafield ind1=" " ind2=" " tag="852"><subfield code="a">30232</subfield><subfield code="c">539.1.07:539.1.08</subfield></datafield><datafield ind1=" " ind2=" " tag="CAT"><subfield code="a">Sys</subfield><subfield code="c">20111021</subfield><subfield code="h">141423</subfield></datafield></record></collection>